

@article{faber_2017,
    author = "B. M. Faber",
    title = "Acoustical Measurements with Smartphones:  Possibilities and Limitations",
    journal = "Acoustics Today",
    volume = "13",
    number = "2",
    pages = "10--17",
    year = "2017"
}


@article{kardous_and_shaw_2014,
    author = "C. A. Kardous and P. B. Shaw",
    title = "Evaluation of smartphone sound measurement applications",
    journal = "Journal of the Acoustical Society of America, Express Letters",
    volume = "135",
    number = "4",
    pages = "EL186--EL192",
    year = "2014"
}


@article{kardous_and_shaw_2015,
    author = "C. A. Kardous and P. B. Shaw",
    title = "Do Sound Meter Apps Measure Noise Levels Accurately?",
    journal = "Sound and Vibration",
    month = "July",
    volume = "",
    number = "",
    pages = "10--13",
    year = "2015"
}


@article{kardous_and_shaw_2016,
    author = "C. A. Kardous and P. B. Shaw",
    title = "Evaluation of smartphone sound measurement applications (apps) using external microhones - A follow-up study",
    journal = "Journal of the Acoustical Society of America, Express Letters",
    volume = "140",
    number = "4",
    pages = "EL327--EL333",
    year = "2016"
}


%%% Additional papers:
%
%%   https://www.sciencedirect.com/science/article/abs/pii/S0003682X17309945
%
%%   https://www.ncbi.nlm.nih.gov/pmc/articles/PMC10686533/#:~:text=The%20results%20of%20one%20simulation,(A)%20%5B6%5D.
%
%%   https://www.tandfonline.com/doi/full/10.1080/15459624.2016.1183014
%
%
%\end{thebibliography}
